@online{karpathy2015unreasonable,
  author = {Andrej Karpath},
  title = {The Unreasonable Effectiveness of Recurrent Neural Networks},
  howpublished={blog post},
  year = 2015,
  url = {https://karpathy.github.io/2015/05/21/rnn-effectiveness/},
  urldate = {2017-06-26}
}
@article{neville2016towards,
  title={Towards automated bounded model checking of API implementations},
  author={Neville, Daniel and Malton, Andrew and Brain, Martin and Kroening, Daniel},
  year={2016}
}
@article{scandariato2014predicting,
  title={Predicting vulnerable software components via text mining},
  author={Scandariato, Riccardo and Walden, James and Hovsepyan, Aram and Joosen, Wouter},
  journal={IEEE Transactions on Software Engineering},
  volume={40},
  number={10},
  pages={993--1006},
  year={2014},
  publisher={IEEE}
}
@article{shin2011evaluating,
  title={Evaluating complexity, code churn, and developer activity metrics as indicators of software vulnerabilities},
  author={Shin, Yonghee and Meneely, Andrew and Williams, Laurie and Osborne, Jason A},
  journal={IEEE Transactions on Software Engineering},
  volume={37},
  number={6},
  pages={772--787},
  year={2011},
  publisher={IEEE}
}